<record><leader>00000cas a2200000Ma 4500</leader><controlfield tag="001">28511620</controlfield><controlfield tag="008">930504d193319uuvauwr ne      0   a0eng d</controlfield><datafield ind1=" " ind2=" " tag="010"><subfield code="a">sn 95079537 </subfield></datafield><datafield ind1=" " ind2=" " tag="040"><subfield code="a">VA@</subfield><subfield code="b">eng</subfield><subfield code="c">VA@</subfield><subfield code="d">NVK</subfield><subfield code="d">VIC</subfield><subfield code="d">OCLCQ</subfield><subfield code="d">OCLCF</subfield><subfield code="d">OCLCO</subfield></datafield><datafield ind1=" " ind2=" " tag="043"><subfield code="a">n-us-va</subfield></datafield><datafield ind1="0" ind2=" " tag="130"><subfield code="a">Albemarle news (Charlottesville, Va. : 1933 : Weekly)</subfield></datafield><datafield ind1="1" ind2="0" tag="245"><subfield code="a">Albemarle news.</subfield></datafield><datafield ind1=" " ind2=" " tag="260"><subfield code="a">Charlottesville, Va. :</subfield><subfield code="b">Albemarle News, Inc.</subfield></datafield><datafield ind1=" " ind2=" " tag="300"><subfield code="a">v. ;</subfield><subfield code="c">49-56 cm.</subfield></datafield><datafield ind1=" " ind2=" " tag="310"><subfield code="a">Weekly,</subfield><subfield code="b">&lt;1935-1936&gt;</subfield></datafield><datafield ind1=" " ind2=" " tag="321"><subfield code="a">Semiweekly,</subfield><subfield code="b">&lt;1933-1934&gt;</subfield></datafield><datafield ind1="1" ind2=" " tag="362"><subfield code="a">Began in 1933.</subfield></datafield><datafield ind1=" " ind2=" " tag="500"><subfield code="a">Includes magazine section, &lt;1935&gt;.</subfield></datafield><datafield ind1=" " ind2=" " tag="500"><subfield code="a">"An exponent of the Principles of Government as Laid Down by Thomas Jefferson."</subfield></datafield><datafield ind1=" " ind2=" " tag="500"><subfield code="a">Publisher varies: News Publishing Co.</subfield></datafield><datafield ind1=" " ind2=" " tag="588"><subfield code="a">Description based on: Vol. 3, no. 40 (Sept. 7, 1934).</subfield></datafield><datafield ind1=" " ind2=" " tag="588"><subfield code="a">Latest issue consulted: Vol. 5, no. 12 (Sept. 3, 1936).</subfield></datafield><datafield ind1=" " ind2="0" tag="651"><subfield code="a">Charlottesville (Va.)</subfield><subfield code="v">Newspapers.</subfield></datafield><datafield ind1=" " ind2="0" tag="651"><subfield code="a">Albemarle County (Va.)</subfield><subfield code="v">Newspapers.</subfield></datafield><datafield ind1=" " ind2="7" tag="655"><subfield code="a">Newspapers.</subfield><subfield code="2">fast</subfield><subfield code="0">(OCoLC)fst01423814</subfield></datafield><datafield ind1=" " ind2="7" tag="651"><subfield code="a">Virginia</subfield><subfield code="z">Albemarle County.</subfield><subfield code="2">fast</subfield><subfield code="0">(OCoLC)fst01208011</subfield></datafield><datafield ind1=" " ind2="7" tag="651"><subfield code="a">Virginia</subfield><subfield code="z">Charlottesville.</subfield><subfield code="2">fast</subfield><subfield code="0">(OCoLC)fst01204493</subfield></datafield><datafield ind1=" " ind2=" " tag="752"><subfield code="a">United States</subfield><subfield code="b">Virginia</subfield><subfield code="d">Charlottesville.</subfield></datafield></record>